<?xml version="1.0" encoding="UTF-8"?>
<record xmlns="http://www.loc.gov/MARC21/slim" xmlns:xsi="http://www.w3.org/2001/XMLSchema-instance" xsi:schemaLocation="http://www.loc.gov/MARC21/slim http://www.loc.gov/standards/marcxml/schema/MARC21slim.xsd">
<leader>00000cam a22      a 4500</leader>
<controlfield tag="001">001679479</controlfield>
<controlfield tag="003">NNU</controlfield>
<controlfield tag="005">20160119153918.0</controlfield>
<controlfield tag="008">870410s1900    ua            000 0 arar</controlfield>
<datafield tag="010" ind1=" " ind2=" ">
<subfield code="a">   75586790</subfield>
</datafield>
<datafield tag="035" ind1=" " ind2=" ">
<subfield code="a">(OCoLC)15513280</subfield>
<subfield code="z">(OCoLC)39813302</subfield>
</datafield>
<datafield tag="040" ind1=" " ind2=" ">
<subfield code="a">DLC</subfield>
<subfield code="b">eng</subfield>
<subfield code="c">IUL</subfield>
<subfield code="d">IUL</subfield>
<subfield code="d">OCLCQ</subfield>
<subfield code="d">NYP</subfield>
<subfield code="d">CGU</subfield>
<subfield code="d">OCLCF</subfield>
<subfield code="d">OCLCQ</subfield>
<subfield code="d">NNU</subfield>
</datafield>
<datafield tag="043" ind1=" " ind2=" ">
<subfield code="a">a------</subfield>
<subfield code="a">f------</subfield>
<subfield code="a">ff-----</subfield>
<subfield code="a">aw-----</subfield>
<subfield code="a">e-sp---</subfield>
</datafield>
<datafield tag="050" ind1=" " ind2="4">
<subfield code="a">HF406</subfield>
<subfield code="b">.D55 1900</subfield>
</datafield>
<datafield tag="100" ind1="1" ind2=" ">
<subfield code="6">880-01</subfield>
<subfield code="a">Dimashqī, Abū al-Faḍl Jaʻfar ibn ʻAlī.</subfield>
</datafield>
<datafield tag="240" ind1="1" ind2="0">
<subfield code="6">880-02</subfield>
<subfield code="a">Ishārah ilá maḥāsin al-tijārah</subfield>
</datafield>
<datafield tag="245" ind1="1" ind2="0">
<subfield code="6">880-03</subfield>
<subfield code="a">Kitāb al-Ishārah ilá maḥāsin al-tijārah wa-maʻrifat jayyid al-aʻrāḍ wa-radīhā wa-ghushūsh al-mudallisīn fīhā /</subfield>
<subfield code="c">taʼlīf Abī al-Faḍl Jaʻfar ibn ʻAlī al-Dimashqī.</subfield>
</datafield>
<datafield tag="246" ind1="3" ind2=" ">
<subfield code="6">880-04</subfield>
<subfield code="a">Ishārah ilá maḥāsin al-tijārah</subfield>
</datafield>
<datafield tag="260" ind1=" " ind2=" ">
<subfield code="6">880-05</subfield>
<subfield code="a">[Cairo] :</subfield>
<subfield code="b">Maṭbaʻat al-Muʼayyad,</subfield>
<subfield code="c">1318 [1900-1901]</subfield>
</datafield>
<datafield tag="300" ind1=" " ind2=" ">
<subfield code="a">76 pages ;</subfield>
<subfield code="c">26 cm</subfield>
</datafield>
<datafield tag="336" ind1=" " ind2=" ">
<subfield code="a">text</subfield>
<subfield code="b">txt</subfield>
<subfield code="2">rdacontent</subfield>
</datafield>
<datafield tag="337" ind1=" " ind2=" ">
<subfield code="a">unmediated</subfield>
<subfield code="b">n</subfield>
<subfield code="2">rdamedia</subfield>
</datafield>
<datafield tag="338" ind1=" " ind2=" ">
<subfield code="a">volume</subfield>
<subfield code="b">nc</subfield>
<subfield code="2">rdacarrier</subfield>
</datafield>
<datafield tag="651" ind1=" " ind2="0">
<subfield code="a">Islamic Empire</subfield>
<subfield code="x">Commerce.</subfield>
</datafield>
<datafield tag="650" ind1=" " ind2="0">
<subfield code="a">Commerce.</subfield>
</datafield>
<datafield tag="650" ind1=" " ind2="7">
<subfield code="a">Commerce.</subfield>
<subfield code="2">fast</subfield>
<subfield code="0">(OCoLC)fst00869279</subfield>
</datafield>
<datafield tag="651" ind1=" " ind2="7">
<subfield code="a">Islamic Empire.</subfield>
<subfield code="2">fast</subfield>
<subfield code="0">(OCoLC)fst01244134</subfield>
</datafield>
<datafield tag="740" ind1="0" ind2=" ">
<subfield code="6">880-06</subfield>
<subfield code="a">Ishārah ilá maḥāsin al-tijārah</subfield>
</datafield>
<datafield tag="776" ind1="0" ind2="8">
<subfield code="i">Online version:</subfield>
<subfield code="a">Dimashqī, Jaʻfar ibn ʻAlī, 12th cent.</subfield>
<subfield code="s">Ishārah ilá maḥāsin al-tijārah.</subfield>
<subfield code="t">Kitāb al-Ishārah ilá maḥāsin al-tijārah wa-maʻrifat jayyid al-aʻrāḍ wa-radīhā wa-ghushūsh al-mudallisīn fīhā.</subfield>
<subfield code="d">[Cairo] : Maṭbaʻat al-Muʼayyad, 1318 [1900-1901]</subfield>
<subfield code="w">(OCoLC)701570871</subfield>
</datafield>
<datafield tag="880" ind1="1" ind2=" ">
<subfield code="6">100-01/</subfield>
<subfield code="a">دمشقي، أبو الفضل جعفر بن علي.</subfield>
</datafield>
<datafield tag="880" ind1="1" ind2="0">
<subfield code="6">240-02/</subfield>
<subfield code="a">إشارة إلى محاسن التجارة</subfield>
</datafield>
<datafield tag="880" ind1="1" ind2="0">
<subfield code="6">245-03/</subfield>
<subfield code="a">كتاب الاشارة الى محاسن التجارة ومعرفة جيد الاعراض ورديها وغشوش المدلسين فيها /</subfield>
<subfield code="c">تأليف ابي الفضل جعفر بن علي الدمشقي.</subfield>
</datafield>
<datafield tag="880" ind1="3" ind2=" ">
<subfield code="6">246-04/</subfield>
<subfield code="a">اشارة الى محاسن التجارة</subfield>
</datafield>
<datafield tag="880" ind1=" " ind2=" ">
<subfield code="6">260-05/</subfield>
<subfield code="a">[القاهرة] :</subfield>
<subfield code="b">مطبعة المؤيد،</subfield>
<subfield code="c">1318 [1900]</subfield>
</datafield>
<datafield tag="880" ind1="0" ind2=" ">
<subfield code="6">740-06/</subfield>
<subfield code="a">إشارة إلى محاسن التجارة.</subfield>
</datafield>
<datafield tag="OWN" ind1=" " ind2=" ">
<subfield code="a">GENERAL</subfield>
</datafield>
<datafield tag="AVA" ind1=" " ind2=" ">
<subfield code="a">NYU50</subfield>
<subfield code="b">BOBST</subfield>
<subfield code="c">Main Collection</subfield>
<subfield code="d">HF406 .D55</subfield>
<subfield code="e">unavailable</subfield>
<subfield code="t">Unavailable</subfield>
<subfield code="f">1</subfield>
<subfield code="g">1</subfield>
<subfield code="h">N</subfield>
<subfield code="i">0</subfield>
<subfield code="j">MAIN</subfield>
<subfield code="k">0</subfield>
</datafield>
</record>
